@misc{essence,
  title={Essence - Pragmatic Software Innovation},
  author={Ivan Aaen},
  year={2015},
  note = "Unpublished Book"
}

@book{swi,
 author = {Jeremy Rose},
 title = {Software Innovation: Eight work-style heuristics for creative system developers},
 year = {2010},
 publisher = {Aalborg University},
} 